\begin{thebibliography}{chapterbib}

@article{OldenburgLi99,
        author={D.~W. Oldenburg and Y.~Li}, 
        title={3-\uppercase{D} Estimating Depth of Investigation 
        in DC resistivity and IP Surveys},
        journal={Geophysics}, 
        volume=64, 
        issue=2, 
        pages={403-416}, 
        year=1999
}
@article{OldenburgLi96,
        author={D.~W. Oldenburg and Y.~Li}, 
        title={3-\uppercase{D} Inversion of Induced Polarization Data},
        journal={Geophysics}, 
        volume=59, 
        pages={1327-1341}, 
        year=1996
}
@article{FrqsnOldenburg98,
        author={D.~W. Oldenburg and C.~G. Farquharson}, 
        title={3-\uppercase{D} Nonlinear inversion using general
        measures of data misfit and model structure},
        journal={Geophysical Journal 
        International}, 
        volume=134, 
        pages={213-227}, 
        year=1998
}
@article{DeyMorrison79,
        author={A.~Dey and H.~F. Morrison}, 
        title={3-\uppercase{D} Resistivity modelling for arbitrarily 
        shaped three-dimensional structures},
        journal={Geophysics}, 
        volume=44, 
        pages={753-780}, 
        year=1979
}
@article{LiOldenburg96,
        author={Y.~Li and D.~W. Oldenburg}, 
        title={3-\uppercase{D} inversion of magnetic data},
        journal={Geophysics}, 
        volume=61, 
        pages={394--408}, 
        year=1996
}
@article{Siegel59,
        author={H.~O. Siegel}, 
        title={3-\uppercase{D} Mathematical formulation and  type  curves  for  induced  polarization},
        journal={Geophysics}, 
        volume=24, 
        pages={547--565}, 
        year=1959
}
@article{LiOldenburg94,
        author={Y.~Li and D.~W. Oldenburg}, 
        title={3-\uppercase{D} 3â€“D inversion of DC resistivity data using approximate inverse},
        journal={Geophysical Journal 
        International}, 
        volume=109, 
        pages={343--362}, 
        year=1994
}
@article{Chenetal02,
        author={J.~Chen, E.~Haber, D.~W. Oldenburg}, 
        title={Three-dimentional numerical modelling and inversion of magnetometric resistivity data.},
        journal={Geophysical Journal 
        International}, 
        volume=149, 
        pages={679--697}, 
        year=2002
}
@article{OldenburgEllis91,
        author={D.~W. Oldenburg and R.~G. Ellis}, 
        title={3-\uppercase{D} Inversion of geophysical data using 
  an approximate inverse mapping},
        journal={Geophysical Journal 
        International}, 
        volume=105, 
        pages={325--353}, 
        year=1991
}
@article{Hutchinson89,
	author={M. Hutchinson},
	title={A stochastic estimator for the trace of the influence matrix for Laplacian smoothing splines},
	journal={Communications in Statistics - Simulation and Computation},
	pages={1059--1076},
  volume=18,
	year={1989}
}
@article{CalamaiMore87,
	author={P H Calamai and J J Mor\'e},
	title={Projected gradient methods for linearly constrained problems},
	journal={Mathematical programming},
	pages={96--116},
	volume=39,
	year={1987}
}
@article{FletcherReeves64,
	author={R. Fletcher and C.~M. Reeves},
	title={Function minimization by conjugate gradients},
	volume={7},
	journal={Computer Journal},
	pages={149--154},
	year = 1964,	
}
@ARTICLE{OldenburgMcGillivray92,
    author = {D W Oldenburg and P R McGillivray and R G Ellis},
    title = {Generalized subspace methods for large-scale inverse problems},
    journal = {Geophysics Journal International},
    year = {1992},
    volume = {114},
    pages = {12--20}
}
@ARTICLE{Thompson82,
   author = {D.~T. Thompson},
    title = {\uppercase{EULDPH}: A new technique for making computer-assisted depth estimates from magnetic data},
    journal = {Geophysics},
    year = 1982,
    volume = 47,
    pages = {31--37},
}
@Article{HaberHeldmannAscher07,
        author={Eldad Haber and Setfan Heldmann and Uri Ascher}, 
        title={Adaptive finite volume method for distributed non-smooth parameter identification},
	      journal={Inverse problems},
        volume=23,
        numer=4,
        year=2007,
}
@article{LiOldenburg00,
        author={Y.~Li and D.~W. Oldenburg}, 
        title={Joint inversion of surface and three-component borehole magnetic data},
        journal={Geophysics}, 
        volume=65, 
        pages={540--552}, 
        year=2000
}
@Inproceedings{LiOldenburg99,
  author = {Y. Li and D.~W. Oldenburg},
  title = {Rapid construction of equivalent sources using wavelets},
  year = 1999,
  publisher = {69th Annual International Meeting, SEG},
  address = {Houston TX},
	booktitle = {Expanded Abstracts},
  volume = 18,
  pages = {374--378},
}
@Inproceedings{DavisLiqt07,
  author = {K Davis and Y Li},
  title = {A fast approach to magnetic equivalent source processing using an adaptive quadtree mesh discretization},
  year = 2007,
  booktitle = {19th Geophysical Conf. and Exhibition, ASEG},
}
@article{OldeburgMcgillivray92,
  author={D W Oldenburg and P R McGillivray and R G Ellis}, 
  title={Generalized subspace methods for large-scale inverse problems},
  journal={Geophysical Journal International}, 
  volume=114, 
  pages={12--20}, 
  year=1992
}
@BOOK{NocedalWright99,
	  year = 1999,
	  title = {Numerical optimization},
	  publisher = {Springer-Verlag},
	 pages = {636}
}	  
@ARTICLE{LiOldenburg98,
   author = {Y Li and D W Oldenburg},
    title = {3-D inversion of gravity data},
  journal = {Geophysics},
     year = 1998,
     issue = 1,
    volume = 63,
    pages = {109--119}
}
@article{PortniaguineZhdanov02,
        author={O. Portniaguine and M.~S. Zhdanov}, 
        title={3-D magnetic inversion with data compression and image focusing},
        journal={Geophysics}, 
        volume=67, 
        pages={1532--1541}, 
        year=2002
}
@article{HaberOldenburg97,
        author={E. Haber and D.~W. Oldenburg}, 
        title={Joint inversion: a structural approach},
        journal={Inverse Problems}, 
        volume=13, 
        pages={63--77}, 
        year=1997
}
@article{LiOldenburg03,
  author={Y Li and D W Oldenburg}, 
  title={Fast inversion of large-scale magnetic data using wavelet transforms and a logarithmic barrier method},
  journal={Geophysics Journal International}, 
  volume=152, 
  pages={251--265}, 
  year=2003
}
@article{LiOldenburg10,
  author={Y Li and D W Oldenburg}, 
  title={Rapid contruction of equivalent sources using wavelets},
  journal={Geophysics}, 
  volume=75,
  issue=3, 
  pages={L51--L59}, 
  year=2010
}
@book{Daubechies92,
  author={I. Daubechies},
  title={Ten lectures on wavelets},
  year=1992,
 publisher={\uppercase{SIAM}, Philadelphia, PA}
}
@book{Krantz99,
  author={S G Krantz},
  title="{Handbook of Complex Variables}",
  year=1999,
  publisher={Birkh\"{a}user},
  address={Boston, MA},
  page=93
}
@book{Vacquier51,
  author={V. Vacquier and N C Steenland and R G Henderson and Isidore Zietz},
  title={Interpretation of aeromagnetic maps},
  year=1951,
  publisher={Geological Society of America Memoir 47}
}
@book{NocedalWright99,
  author={J Nocedal and S J Wright},
  title={Numerical optimatization},
  year=1999,
  publisher={Springer Science},
  address={New York, NY}
}
@book{Meyer93,
  author={Y Meyer},
  title={Wavelets: \uppercase{A}lgorithms and applications},
  year=1993,
  publisher={SIAM},
  address={Philadelphia, PA}
}
@book{Parker94,
  author={R L Parker},
  title={Geophysical inverse theory},
  year=1994,
  publisher={Princeton University Press},
  address={Princeton, NJ}
}
@book{DobrinSavit88,
  author={M B Dobrin and C H Savit},
  title={Introduction to geophysical propecting},
  year=1988,
  edition=4,
  publisher={McGraw-Hill Inc.},
  address={New York, NY}
}
@book{KaufmanLevshin00,
  author={A A Kaufman and A L Levshin},
  title={Acoutic and elastic wave fields in geophysics, \uppercase{I}},
  year=2000,
  publisher={Elsevier Science},
  address="{B. V. Amsterdam, The Netherlands}"
}
@Inproceedings{LiOldenburg97,
  author={Y. Li and D. W. Oldenburg}, 
  title={Two approaches to total field reconstruction from gradiometer data},
  volume=3, 
  pages={245--247}, 
  year=1984,
  publisher = {$54^{th}$ Annual International Meeting, SEG},
  booktitle = {Expanded Abstracts}
}
@Inproceedings{LiandOldenburg97,
  author={Y. Li and D. W. Oldenburg}, 
  title={Fast inversion of large scale magnetic data using wavelet
transform},
 year=1997,
  publisher = {JACI Annual Report.},
}
@article{GolubHeath79,
  author={G H Golub and M Heath and G Wahba}, 
  title={Generalized Cross-Validation as a method for choosing a good ridge parameter},
  journal={Technometrics},
  volume=21, 
  number=2,
  pages={215--223}, 
  year=1979
}
@article{Morozov68,
  author={V A Morozov}, 
  title={The discrepancy principle for solving operator equations by the regularization method},
  journal={USSR Computuational Mathematics and Mathematical Physics},
  volume=8, 
  pages={663--887}, 
  year=1967
}
@Inproceedings{LiOldenburg97,
  author={Y. Li and D. W. Oldenburg}, 
  title="Fast inversion of large scale magnetic data using wavelet transform",
  year=1997,
  publisher = {JACI},
	booktitle = {Annual report}
}
@article{Dampney69,
  author={C N G Dampney}, 
  title={The equivalent source technique},
  journal={Geophysics}, 
  volume=34,
  pages={39--53}, 
  year=1969
}
@book{TikhonovArsenin77,
  author={A N Tikhonov and V Y Arsenin}, 
  title="Solution of {I}ll-posed {P}roblems",
  publisher={Winston Press},
  address = {Washington, D.C.}, 
  year=1977,
}
@book{Reynolds97,
  author={J M Reynolds}, 
  title={An introduction to applied and environmental geophysics},
  publisher={John Wiley \& Sons Ltd},
  address = {Chichester, England}, 
  year=1997
}
@book{Harrington00,
  author={J L Harrington}, 
  title={An introduction to applied and environmental geophysics},
  publisher={Morgan Kaufmann Publishers Inc.},
  address = {San Francisco, CA}, 
  year=2000,
  page=4
}
@article{HaberHeldmann07,
  author={E Haber and S Heldmann}, 
  title="An Oc{T}ree Multigrid Method for Quasi-Static {M}axwell's Equations with Highly Discontinuous Coefficients",
  journal={Journal of Computational Physics}, 
  volume=223, 
  issue=2,
  pages={783--796}, 
  year=2007
}
@Inproceedings{EsoOldenburg07,
  author = {R Eso and D Oldenburg},
  title = {Efficient 2.5\uppercase{D} resistivity modeling using a quadtree discretization},	
  year = 2007,
  publisher = "Symposium of {A}pplied {G}eophysics on {E}ngineering and {E}nvirnmental {P}roblems",
  address = {Denver, CO},
  pages = {381--385},
  booktitle = {Conference Proceedings},
  volume = 20
}
@book{Hansen00,
        author={P.~C. Hansen}, 
        title={The \uppercase{L}-curve and its use in the numerical treatment of inverse problems},
        journal={Computational Inverse Problems in Electrocardiology},
        publisher={WIT Press},
        address={Southampton}, 
        year=2000,
        pages={119--142}
}
@book{Menke89,
        author={W. Menke}, 
        title={Geophysical data analysis: discrete inverse theory},
        publisher={Academic Press},
        address={San Diego}, 
        year=1989
}
@book{Blakely96,
        author={R.~Blakely}, 
        title={Potential Theory in Gravity and Magnetic Applications},
        publisher={Cambridge University Press},
        address={Cambridge, UK}, 
        year=1996
}
\end{thebibliography}