% This file was created with JabRef 2.7.2.
% Encoding: Cp1252

@ARTICLE{AbelMark90,
  author = {D J Abel and D M Mark},
  title = {A comparative analysis of some two-dimensional orderings},
  journal = {International Journal of Geographical Information Science},
  year = {1990},
  volume = {4},
  pages = {21--31},
  issue = {1}
}

@INPROCEEDINGS{Aftosmisetal04,
  author = {M.~J. Aftosmis and M.~J. Berger and S.~M. Murman},
  title = {Applications of space-filling curves to cartesian methods for CFD},
  booktitle = {$42^{nd}$ AIAA Aerospace Sciences Meeting and Exhibit},
  year = {2004},
  address = {Reno, NV}
}

@ARTICLE{Alvarez70,
  author = {L W Alvarez and J A Anderson and F El Bedwci and J Burhard and A
	Fakhry and A Girgis and F Hassan and D Iverson and G Lynch and Z
	Miligy and A H Moussa and M Sharkawi and L Yazolino},
  title = {Search for hidden chambers in the pyramids using cosmic rays},
  journal = {Science},
  year = {1970},
  volume = {167},
  pages = {832--839}
}

@ARTICLE{Ambrosietal11,
  author = {G Ambrosi and F Ambrosino and R Battiston and A Bross and S Callier
	and F Cassese and G Castellini and R Ciafanfi and F Cozzolino and
	R D'Alessandro and C de La Taille and G Iacobucci and A Marotta and
	V Masone and M Martini and R Nishiyama and P Noli and M Orazi and
	L Parascandolo and P Parascandolo and G Passeggio and R Peluso and
	A Pla-Dalmau and L Raux and R Rocco and P Rubinov and G Sarcino and
	G Scarpato and G Sekhniaidze and P Stroln and H K M Tanaka and M
	Tanaka and P Trattion and T Uchida and I Yokoyamao},
  title = {{The MU-RAY project: Volcano radiography with cosmic-ray muons}},
  journal = {Nuclear Instruments and Methods in Physics Research A},
  year = {2011},
  volume = {628},
  pages = {120--123}
}

@ARTICLE{AscherHaber01,
  author = {U.~M. Ascher and E.~Haber},
  title = {Grid refinement and scaling for distributed parameter estimation
	problems},
  journal = {Inverse Problems},
  year = {2001},
  volume = {17},
  pages = {517--590}
}

@INPROCEEDINGS{BambrickLetros82,
  author = {J Bambrick and S Letros and J Geissman},
  title = {Apparent magnetic susceptibility {(SUCS)} mapping in theory and practice},
  booktitle = {Expanded Abstracts},
  year = {1982},
  volume = {1},
  publisher = {52nd Annual International Meeting, SEG}
}

@ARTICLE{BankDouglas93,
  author = {R E Bank and C C Douglas},
  title = {Sparse matrix multiplication package (\uppercase{SMMP})},
  journal = {Advances in Compuational Mathematics},
  year = {1993},
  volume = {1},
  pages = {127--137}
}

@ARTICLE{Becker95,
  author = {H Becker},
  title = {From nanotesla to picotesla -- {a} new window for magnetic propecting
	in Archaeology},
  journal = {Archaeological Prospection},
  year = {1995},
  volume = {2},
  pages = {217--228}
}

@INPROCEEDINGS{BehrensZimmermann00,
  author = {J Behrens and J Zimmermann},
  title = {Parallelizing an unstructured grid generator with a space-filling
	curve approach},
  booktitle = {Euro-Par 2000 Parallel Processing, $6^{th}$ International Euro-Par
	Conference},
  year = {2000},
  address = {Munich, Germany}
}

@ARTICLE{Belkin91,
  author = {G Belkin and R Coifman and V Rokhlin},
  title = {Fast wavelet transforms and numerical algorithms \uppercase{I}},
  journal = {{Comm. Pure and Appl. Math.}},
  year = {1991},
  volume = {44},
  pages = {141--183.}
}

@ARTICLE{Berry92,
  author = {Michael W Berry},
  title = {Large Scale Sparse Singular Value Computations},
  journal = {International Journal of Supercomputer Applications},
  year = {1992},
  volume = {6},
  pages = {13--49}
}

@ARTICLE{Bhattacharyya64,
  author = {B K Bhattacharyya},
  title = {Magnetic anomalies due to prism-shaped bodies with arbitrary magnetization},
  journal = {Geophysics},
  year = {1964},
  volume = {29},
  pages = {517-531},
  owner = {kdavis},
  timestamp = {2011.11.16}
}

@ARTICLE{BielakGhattas05,
  author = {J Bielak and O Ghattas and E J Kim},
  title = {Parallel Octree-Based Finite Element Method for Large-Scale Earthquake
	Ground Motion Simulation},
  journal = {CMES},
  year = {2005},
  volume = {10},
  pages = {99--112},
  number = {2}
}

@BOOK{Blakely96,
  title = {Potential Theory in Gravity and Magnetic Applications},
  publisher = {Cambridge University Press},
  year = {1996},
  author = {R Blakely},
  address = {Cambridge, UK}
}

@ARTICLE{Briggs74,
  author = {I C Briggs},
  title = {Machine contouring using minimum curvature},
  journal = {Geophysics},
  year = {1974},
  volume = {39},
  pages = {39--48}
}

@ARTICLE{Butler95,
  author = {D K Butler},
  title = {Generalized gravity gradient analysis for 2-\uppercase{D} inversion},
  journal = {Geophysics},
  year = {1995},
  volume = {60},
  pages = {1018--1028}
}

@ARTICLE{Butler84,
  author = {D K Butler},
  title = {Microgravimetric and gravity gradient techniques for detection of
	subsurface cavities},
  journal = {Geophysics},
  year = {1984},
  volume = {60},
  pages = {1084--1096}
}

@ARTICLE{Butz71,
  author = {A R Butz},
  title = {Alternative algorithm for Hilbert's space-filling curve},
  journal = {IEEE Transactions on Computers},
  year = {1971},
  volume = {C-20},
  pages = {424--426},
  number = {4}
}

@ARTICLE{ByersHopkins46,
  author = {F M Byers and D M Hopkins and K L Wier and B Fisher},
  title = {Volcano investigations on Umnak Island, Alaska},
  journal = { U.S. Geologic Survey, Volcano Investigations Report},
  year = {1946},
  volume = {2},
  issue = {3}
}

@ARTICLE{CalamaiMore87,
  author = {P H Calamai and J J Mor\'e},
  title = {Projected gradient methods for linearly constrained problems},
  journal = {Mathematical programming},
  year = {1987},
  volume = {39},
  pages = {96--116},
  owner = {kdavis},
  timestamp = {2011.11.16}
}

@ARTICLE{ChengCheng05,
  author = {A Cheng and D T Cheng},
  title = {Heritage and early history of the boundary element method},
  journal = {Engineering Analysis with Boundary Elements},
  year = {2005},
  volume = {29},
  pages = {268--302}
}

@ARTICLE{Clark99,
  author = {D A Clark},
  title = {Magnetic petrology of igneous intrusions: implications for exploration
	and magnetic interpretation},
  journal = {Exploration Geophysics},
  year = {1999},
  volume = {30},
  pages = {5--26},
  issue = {2}
}

@ARTICLE{Cordell92,
  author = {L Cordell},
  title = {A scattered equivalent-source method for interpolation and gridding
	of potential field data in three dimensions},
  journal = {Geophysics},
  year = {1992},
  volume = {57},
  pages = {629--636}
}

@ARTICLE{CordellMcCafferty80,
  author = {L Cordell and A E McCafferty},
  title = {A terracing operator for physical property mapping with potential
	field data},
  journal = {Geophysics},
  year = {1980},
  volume = {54},
  pages = {621--634}
}

@ARTICLE{Coxetal94,
  author = {J J Cox and Y Takezaki and H R P Ferguson and K E Kohkonen and E
	L Mulkay},
  title = {Space-filling curves in tool-path applications},
  journal = {Computer-aided design},
  year = {1994},
  volume = {26},
  pages = {215--224},
  number = {3}
}

@ARTICLE{Dampney69,
  author = {C N G Dampney},
  title = {The equivalent source technique},
  journal = {Geophysics},
  year = {1969},
  volume = {34},
  pages = {39--53}
}

@TECHREPORT{Darbha06,
  author = {D. Darbha},
  title = {Helicopter aeromagnetic survey in \uppercase{N}ew \uppercase{M}exico
	and \uppercase{C}olorado},
  institution = {Geophex Ltd.},
  year = {2006},
  address = {Raleigh, NC},
  note = {submitted to USGS, Order No. 05CRQQ0140}
}

@BOOK{Daubechies92,
  title = {Ten lectures on wavelets},
  publisher = {\uppercase{SIAM}, Philadelphia, PA},
  year = {1992},
  author = {I Daubechies}
}

@PHDTHESIS{DavisThesis,
  author = {K Davis},
  title = {{Improving potential-field processing and inversion through the use
	of gradient measurements and data-adaptive models}},
  school = {Colorado School of Mines},
  year = {2010},
  address = {Golden, Colorado}
}

@ARTICLE{DavisLi11,
  author = {K Davis and Y Li},
  title = {Fast solution of geophysical inversion using adaptive mesh, space-filling
	curves, and wavelet compression},
  journal = {Geophysical Journal International},
  year = {2011},
  volume = {185},
  pages = {157-–166}
}

@INPROCEEDINGS{DavisLi10b,
  author = {K Davis and Y Li},
  title = {Efficient 3D inversion of magnetic data via octree mesh discretization,
	space-filling curves, and wavelets},
  booktitle = {Expanded Abstracts},
  year = {2010},
  volume = {29},
  pages = {1172-–1177},
  publisher = {{80th Annual Internat. Mtg. Soc. Expl. Geophys.}}
}

@INPROCEEDINGS{DavisLiqt07,
  author = {K Davis and Y Li},
  title = {A fast approach to magnetic equivalent source processing using an
	adaptive quadtree mesh discretization},
  booktitle = {19th Geophysical Conf. and Exhibition, ASEG},
  year = {2007}
}

@ARTICLE{DavisLi10a,
  author = {K Davis and Y Li and M N Nabighian},
  title = {Automatic detection of UXO magnetic anomalies using extended Euler
	deconvolution},
  journal = {Geophysics},
  year = {2010},
  volume = {75},
  pages = {G13--G20},
  number = {3}
}

@BOOK{DobrinSavit88,
  title = {Introduction to geophysical propecting},
  publisher = {McGraw-Hill Inc.},
  year = {1988},
  author = {M B Dobrin and C H Savit},
  address = {New York, NY},
  edition = {4}
}

@INPROCEEDINGS{EsoOldenburg07,
  author = {R Eso and D Oldenburg},
  title = {Efficient 2.5D resistivity modeling using a quadtree discretization},
  booktitle = {Conference Proceedings},
  year = {2007},
  volume = {20},
  pages = {381--385},
  address = {Denver, CO},
  publisher = {{Symposium of Applied Geophysics on Engineering and Environmental
	Problems}}
}

@ARTICLE{Evjen36,
  author = {H M Evjen},
  title = {The place of the vertical gradient in gravitational interpretations},
  journal = {Geophysics},
  year = {1936},
  volume = {1},
  pages = {127--136}
}

@ARTICLE{FletcherReeves64,
  author = {R Fletcher and C M Reeves},
  title = {Function minimization by conjugate gradients},
  journal = {Computer Journal},
  year = {1964},
  volume = {7},
  pages = {149--154}
}

@ARTICLE{FregosoGallardo09,
  author = {E Fregoso and L A Gallardo},
  title = {Cross-gradients joint 3D inversion with applications to gravity and
	magnetic data},
  journal = {Geophysics},
  year = {2009},
  volume = {74},
  pages = {L30--L42},
  number = {4}
}

@INPROCEEDINGS{FreyMarechal98,
  author = {P J Frey and L Marechal},
  title = {Fast adaptive quadtree mesh generation},
  booktitle = {$7^{th}$ International Meshing Roundtable},
  year = {1998},
  volume = {37},
  pages = {211--224},
  publisher = {Sandia National Laboratories}
}

@ARTICLE{Fullagar08,
  author = {P K Fullagar and G A Pears and B McMonnies},
  title = {Constrained inversion of geologic surfaces--pushing the boundaries},
  journal = {The Leading Edge},
  year = {2008},
  volume = {27},
  pages = {98--105}
}

@ARTICLE{GallardoMeju07,
  author = {L A Gallardo and M A Meju},
  title = {Joint {2D} cross-gradients imaging of magnetotelluric and seismic
	travel-time data for structural and lithological classification},
  journal = {Journal of Geophysical Research},
  year = {2007},
  volume = {169},
  pages = {1261--1272}
}

@ARTICLE{GallardoMeju04,
  author = {L A Gallardo and M A Meju},
  title = {Joint two-dimensional DC resistivity and seismic travel time inversion
	with cross-gradients constraints},
  journal = {Journal of Geophysical Research},
  year = {2004},
  volume = {109},
  pages = {B03311}
}

@ARTICLE{Gerstner99,
  author = {T Gerstner},
  title = {Adaptive hierarchical methods for landscape representation and analysis},
  journal = {Lecture Notes in Earth Sciences},
  year = {1999},
  volume = {78},
  pages = {75--92},
  publisher = {Berlin Springer Verlag}
}

@TECHREPORT{GillMurray91,
  author = {P E Gill and W Murray and D B Ponceleon and M Saunders},
  title = {Solving reduced \uppercase{KKT} systems in barrier methods for linear
	and quadratic programming},
  institution = {Stanford University},
  year = {1991},
  number = {\uppercase{SOL} 91--7},
  address = {Standford, CA}
}

@ARTICLE{GolubHeath79,
  author = {G H Golub and M Heath and G Wahba},
  title = {Generalized Cross-Validation as a method for choosing a good ridge
	parameter},
  journal = {Technometrics},
  year = {1979},
  volume = {21},
  pages = {215--223},
  number = {2}
}

@ARTICLE{Griebel98,
  author = {M Griebel and N Tilman and H Regler},
  title = {Algebraic multigrid methods for the solution of the Navier-Stokes
	equations in complicated geometries},
  journal = {International Journal of Numerical Methods for Heat and Fluid Flow},
  year = {1998},
  volume = {26},
  pages = {281--301}
}

@ARTICLE{HaberHeldmann07,
  author = {E Haber and S Heldmann},
  title = {An Oc{T}ree Multigrid Method for Quasi-Static {M}axwell's Equations
	with Highly Discontinuous Coefficients},
  journal = {Journal of Computational Physics},
  year = {2007},
  volume = {223},
  pages = {783--796},
  issue = {2}
}

@ARTICLE{HaberHeldmannAscher07,
  author = {Eldad Haber and Setfan Heldmann and Uri Ascher},
  title = {Adaptive finite volume method for distributed non-smooth parameter
	identification},
  journal = {Inverse problems},
  year = {2007},
  volume = {23},
  pages = {1659--1676},
  numer = {4}
}

@ARTICLE{HaberOldenburg97,
  author = {E Haber and D W Oldenburg},
  title = {Joint inversion: a structural approach},
  journal = {Inverse Problems},
  year = {1997},
  volume = {13},
  pages = {63--77}
}

@INPROCEEDINGS{Haneyetal03,
  author = {M M Haney and C Johnston and Y Li and M N Nabighian},
  title = {Envelopes of 3{D} and 3{D} magnetic data and their relationshiop
	to the analytic signal: {P}reliminary results},
  booktitle = {Expanded Abstracts},
  year = {2003},
  volume = {22},
  pages = {592--595},
  publisher = {73rd Annual International Meeting, SEG}
}

@BOOK{Hansen00,
  title = {The {L}-curve and its use in the numerical treatment of inverse problems},
  publisher = {WIT Press},
  year = {2000},
  author = {P C Hansen},
  pages = {119--142},
  address = {Southampton},
  journal = {Computational Inverse Problems in Electrocardiology}
}

@ARTICLE{Hansen84,
  author = {R O Hansen},
  title = {Continuation of potential fields between arbitrary surfaces},
  journal = {Geophysics},
  year = {1984},
  volume = {49},
  pages = {787--795}
}

@INPROCEEDINGS{Hansengrad84,
  author = {R O Hansen},
  title = {Two approaches to total field reconstruction from gradiometer data},
  booktitle = {Expanded Abstracts},
  year = {1984},
  volume = {3},
  pages = {245--247},
  publisher = {$54^{th}$ Annual International Meeting, SEG}
}

@INPROCEEDINGS{Hardwick99,
  author = {C D Hardwick},
  title = {Gradient-enhanced total-field gridding},
  booktitle = {Expanded Abstracts},
  year = {1999},
  volume = {18},
  pages = {381--385},
  address = {Houston TX},
  publisher = {69th Annual International Meeting, SEG}
}

@INPROCEEDINGS{HardwickBoustead07,
  author = {C D Hardwick and G A Boustead},
  title = {Total field levelling using measured horizontal gradients in place
	of tie lines},
  booktitle = {High Resolution Geophysics Workshop},
  year = {2007},
  address = {University of Arizona},
  publisher = {SEG}
}

@BOOK{Harrington00,
  title = {An introduction to applied and environmental geophysics},
  publisher = {Morgan Kaufmann Publishers Inc.},
  year = {2000},
  author = {J L Harrington},
  address = {San Francisco, CA},
  page = {4}
}

@ARTICLE{Hartman71,
  author = {R R Hartman and D J Teskey and J L Friedberg},
  title = {A system for rapid aeromagnetic interpretation},
  journal = {Geophysics},
  year = {1971},
  volume = {36},
  pages = {891--918}
}

@ARTICLE{Heiland43,
  author = {C A Heiland},
  title = {A rapid method for measuring the profile components of horizontal
	and vertical gravity gradients},
  journal = {Geophysics},
  year = {1943},
  volume = {8},
  pages = {119--133}
}

@ARTICLE{HestesStiefel52,
  author = {M R Hestenes and E Stiefel},
  title = {Methods of conjugate gradients for solving linear systems},
  journal = {Journal of {R}esearch of the {N}ational {B}ureau of {S}tandards},
  year = {1952},
  volume = {47},
  pages = {409--436}
}

@ARTICLE{Hilbert91,
  author = {D Hilbert},
  title = {Ueber die stetige Abbildung einer Line auf ein Fl\"{a}chenst\"{u}ck},
  journal = {Mathematische Annalen},
  year = {1891},
  volume = {38},
  pages = {459--460},
  number = {1}
}

@ARTICLE{Hood65,
  author = {P Hood},
  title = {Gradient measurements in aeromagnetic surveying},
  journal = {Geophysics},
  year = {1965},
  volume = {49},
  pages = {891--902}
}

@INPROCEEDINGS{Jagadish90,
  author = {H V Jagadish},
  title = {Linear clustering of objects with multiple attributes},
  booktitle = {Proceedings of the 1990 {ACM SIGMOD} international conference on
	{M}anagement of {D}ata},
  year = {1990},
  series = {SIGMOD '90},
  pages = {332--342},
  address = {Atlantic City, New Jersey},
  publisher = {ACM}
}

@INPROCEEDINGS{JinMellorCrummey05,
  author = {G Jin and J Mellor-Crummey},
  title = {Using space-filling curves for computation reordering},
  booktitle = {Los Alamos National Laboratory},
  year = {2005},
  address = { Santa Fe, NM.},
  publisher = {Los Alamos Computer Science Institute Sixth Annual Symposium}
}

@BOOK{KaufmanLevshin00,
  title = {Acoutic and elastic wave fields in geophysics, {I}},
  publisher = {Elsevier Science},
  year = {2000},
  author = {A A Kaufman and A L Levshin},
  address = {{B. V. Amsterdam, The Netherlands}}
}

@BOOK{Kelley99,
  title = {Iterative methods for optimization},
  publisher = {SIAM},
  year = {1999},
  author = {C T Kelley},
  address = {Philadelphia, PA}
}

@INPROCEEDINGS{KimBielak02,
  author = {E Kim and J Bielak and J Wang},
  title = {Octree-based finite element method for large-scale earthquake ground
	motion modeling in heterogeneous basins},
  booktitle = {American Geophysical Union Fall Meeting},
  year = {2002},
  publisher = {Abstract S12B-1221}
}

@ARTICLE{Kogbetliantz44,
  author = {E G Kogbetliantz},
  title = {Quantitative interpretation of magnetic and gravitational anomalies},
  journal = {Geophysics},
  year = {1944},
  volume = {9},
  pages = {463--493}
}

@ARTICLE{KoulomzineBrossard47,
  author = {T Koulomzine and Leo Brossard},
  title = {The use of geophysics in prospecting for gold and base metals in
	\uppercase{c}anada},
  journal = {Geophysics},
  year = {1947},
  volume = {12},
  pages = {651--662}
}

@BOOK{Krantz99,
  title = {{Handbook of Complex Variables}},
  publisher = {Birkh\"{a}user},
  year = {1999},
  author = {S G Krantz},
  address = {Boston, MA},
  page = {93}
}

@INCOLLECTION{Kvamme05,
  author = {K L Kvamme},
  title = {Terrestial remote sensing in archaeology},
  booktitle = {Archaeological methods, Vol. 1},
  publisher = {AltaMira Press, Oxford},
  year = {2005},
  editor = {H.~D.~G. Maschner and C. Chippindale},
  pages = {423--433}
}

@ARTICLE{LamarqueRobert96,
  author = {C H Lamarque and F Robert},
  title = {Image analysis using space-filling curves and 1D wavelet bases},
  journal = {Pattern Recognition},
  year = {1996},
  volume = {29},
  pages = {1309--1322},
  issue = {8}
}

@BOOK{Lanczos97,
  title = {Linear differential operators},
  publisher = {Dover Publications},
  year = {1997},
  author = {C Lanczos},
  address = {Mineola, NY}
}

@ARTICLE{LelievreOldenburg09,
  author = {P G Leli\`evre and D W Oldenburg},
  title = {A comprehensive study of including structural orientation information
	in geophysical inversion},
  journal = {Geophysical Journal International},
  year = {2009},
  volume = {178},
  pages = {623--637},
  issue = {2}
}

@INPROCEEDINGS{LelievreOldenburgWilliams09,
  author = {P G Leli\`evre and D W Oldenburg and N Williams},
  title = {Integrating geologic and geophysical data through advanced constrained
	inversions},
  booktitle = {Extended Abstracts},
  year = {2009},
  pages = {1--6},
  address = {Adelaide, SA},
  publisher = {20th Geophysical conference and exhibition, ASEG},
  issue = {1}
}

@ARTICLE{LempelZiv84,
  author = {A Lempel and J Ziv},
  title = {Compression of Tso-Dimensional Images},
  journal = {NATO ASI Series},
  year = {1984},
  volume = {F12},
  pages = {949--953},
  number = {10}
}

@ARTICLE{LiOldenburg10,
  author = {Y Li and D W Oldenburg},
  title = {Rapid contruction of equivalent sources using wavelets},
  journal = {Geophysics},
  year = {2010},
  volume = {75},
  pages = {L51--L59},
  issue = {3}
}

@ARTICLE{LiOldenburg03,
  author = {Y Li and D W Oldenburg},
  title = {Fast inversion of large-scale magnetic data using wavelet transforms
	and a logarithmic barrier method},
  journal = {Geophysics Journal International},
  year = {2003},
  volume = {152},
  pages = {251--265}
}

@ARTICLE{LiOldenburg00,
  author = {Y Li and D W Oldenburg},
  title = {Joint inversion of surface and three-component borehole magnetic
	data},
  journal = {Geophysics},
  year = {2000},
  volume = {65},
  pages = {540--552}
}

@INPROCEEDINGS{LiOldenburg99,
  author = {Y Li and D W Oldenburg},
  title = {Rapid construction of equivalent sources using wavelets},
  booktitle = {Expanded Abstracts},
  year = {1999},
  volume = {18},
  pages = {374--378},
  address = {Houston TX},
  publisher = {69th Annual International Meeting, SEG}
}

@ARTICLE{LiOldenburg98,
  author = {Y Li and D W Oldenburg},
  title = {3-D inversion of gravity data},
  journal = {Geophysics},
  year = {1998},
  volume = {63},
  pages = {109--119},
  issue = {1}
}

@ARTICLE{LiOldenburg96,
  author = {Y Li and D W Oldenburg},
  title = {3-{D} inversion of magnetic data},
  journal = {Geophysics},
  year = {1996},
  volume = {61},
  pages = {394--408}
}

@ARTICLE{LiShearer10,
  author = {Y Li and S E Shearer and M M Haney and N Dannemiller},
  title = {Comprehensive approaches to 3D inversion of magnetic data affected
	by remanent magnetization},
  journal = {Geophysics},
  year = {2010},
  volume = {75},
  pages = {\uppercase{L}1--\uppercase{L}11},
  number = {1}
}

@ARTICLE{Linde06,
  author = {N Linde and A Binley and A Tryggvason and L B Peterson and A Revil},
  title = {Improved hydrogeophysical characterization using joint inversion
	of crosshole electrical resistance and ground penetrating traveltime
	data},
  journal = {Water Resources Research},
  year = {2006},
  volume = {42},
  pages = {W12404}
}

@ARTICLE{Linde08,
  author = {N Linde and A Tryggvason and J E Peterson and S S Hubbard},
  title = {Joint inversion of crosshole radar and seismic traveltimes acquired
	at the South Oyster bacterial transport site},
  journal = {Geophysics},
  year = {2008},
  volume = {73},
  pages = {G29--G37},
  number = {4}
}

@ARTICLE{Mallat98,
  author = {S Mallat},
  title = {A theory for multiresolution signal decomposition: the wavelet representation},
  journal = {{IEEE T}rans. {PAMI}},
  year = {1989},
  volume = {11},
  pages = {674--693}
}

@ARTICLE{Mareschal85,
  author = {J C Mareschal},
  title = {Inversion of potential field data in Fourier transform domain},
  journal = {Geophysics},
  year = {1985},
  volume = {50},
  pages = {685--691}
}

@BOOK{Menke89,
  title = {Geophysical data analysis: discrete inverse theory},
  publisher = {Academic Press},
  year = {1989},
  author = {W Menke},
  address = {San Diego}
}

@BOOK{Meyer93,
  title = {{Wavelets: Algorithms and applications}},
  publisher = {SIAM},
  year = {1993},
  author = {Y Meyer},
  address = {Philadelphia, PA}
}

@ARTICLE{Minty91,
  author = {B R S Minty},
  title = {Simple micro-levelling for aeromagnetic data},
  journal = {Exploration Geophysics},
  year = {1991},
  volume = {22},
  pages = {591--592}
}

@INPROCEEDINGS{MitchellVavasis92,
  author = {S A Mitchell and S A Vavasis},
  title = {Quality mesh generation in three dimensions},
  booktitle = {Conference Proceedings},
  year = {1992},
  pages = {212--221},
  publisher = {\uppercase{ACM C}omputational \uppercase{G}eometry \uppercase{C}onference}
}

@ARTICLE{Moonetal01,
  author = {B Moon and H V Jagadish and C Faloutsos and J H Saltz},
  title = {Analysis of the clustering properties of {H}ilbert space-filling
	curve},
  journal = {IEEE Trans. on Knowledge and Data Engineering},
  year = {2001},
  volume = {13},
  pages = {124--141},
  number = {1}
}

@ARTICLE{Morozov68,
  author = {V A Morozov},
  title = {The discrepancy principle for solving operator equations by the regularization
	method},
  journal = {USSR Computuational Mathematics and Mathematical Physics},
  year = {1967},
  volume = {8},
  pages = {663--887}
}

@ARTICLE{MushayandebvuDavies06,
  author = {M F Mushayandebvu and J Davies},
  title = {Magnetic gradients in sedimentary basins: {E}xamples from the {W}estern
	{C}anada {S}edimentary {B}asin},
  journal = {The Leading Edge},
  year = {2006},
  volume = {25},
  pages = {69--73},
  issue = {1}
}

@ARTICLE{Mushayendebvu01,
  author = {M F Mushayandebvu and P van~Driel and A B Reid and J D Fairhead},
  title = {Magnetic source parameters of two-dimensional structures using extended
	{E}uler deconvolution},
  journal = {Geophysics},
  year = {2001},
  volume = {66},
  pages = {814--823}
}

@ARTICLE{Nabighian84,
  author = {M N Nabighian},
  title = {Toward a three-dimensional automatic interpretation of potential
	field data via generalized {h}ilbert transforms: {f}undamental relations},
  journal = {Geophysics},
  year = {1984},
  volume = {49},
  pages = {780--786}
}

@ARTICLE{Nabighian72,
  author = {M N Nabighian},
  title = {The analytic signal of two-dimensional magnetic bodies with polygonal
	cross-section},
  journal = {Geophysics},
  year = {1972},
  volume = {37},
  pages = {507--517}
}

@ARTICLE{Nabighian05,
  author = {M N Nabighian and V J S Grauch and R O Hansen and T R LaFehr and
	Y Li and J W Peirce and J D Phillips and M E Ruder},
  title = {The historical development of the magnetic method in exploration},
  journal = {Geophysics},
  year = {2005},
  volume = {70},
  pages = {33ND--61ND},
  issue = {6}
}

@ARTICLE{NabighianHansen01,
  author = {M N Nabighian and R O Hansen},
  title = {Unification of {E}uler and {W}erner deconvolution in three dimensions
	via the generalized {H}ilbert transform},
  journal = {Geophysics},
  year = {2001},
  volume = {66},
  pages = {1805--1810}
}

@ARTICLE{Nelson94,
  author = {B J Nelson},
  title = {Leveling total-field aeromagnetic data with measured horizontal gradients},
  journal = {Geophysics},
  year = {1994},
  volume = {59},
  pages = {1166--1170}
}

@ARTICLE{Nelson88,
  author = {B J Nelson},
  title = {Comparison of gradient analysis techniques for linear two-dimensional
	magnetic sources},
  journal = {Geophysics},
  year = {1988},
  volume = {53},
  pages = {1088--1095}
}

@BOOK{NocedalWright99,
  title = {Numerical optimatization},
  publisher = {Springer Science},
  year = {1999},
  author = {J Nocedal and S J Wright},
  address = {New York, NY}
}

@ARTICLE{OConnellOwens08,
  author = {M D O'Connell and M Owens},
  title = {A line spacing compression method and an improved minimum curvature
	operator for grid interpolation of airborne magnetic surveys},
  journal = {Exploration Geophysics},
  year = {2008},
  volume = {39},
  pages = {148--153}
}

@ARTICLE{OldeburgMcgillivray92,
  author = {D W Oldenburg and P R McGillivray and R G Ellis},
  title = {Generalized subspace methods for large-scale inverse problems},
  journal = {Geophysical Journal International},
  year = {1992},
  volume = {114},
  pages = {12--20}
}

@ARTICLE{OldenburgMcGillivray92,
  author = {D W Oldenburg and P R McGillivray and R G Ellis},
  title = {Generalized subspace methods for large-scale inverse problems},
  journal = {Geophysics Journal International},
  year = {1992},
  volume = {114},
  pages = {12--20}
}

@ARTICLE{PaineHaederle01,
  author = {J Paine and M Haederle and M Flis},
  title = {Using transformed \uppercase{tmi} data to invert for remanently magnetized
	bodies},
  journal = {Exploration Geophysics},
  year = {2001},
  volume = {32},
  pages = {238-–242},
  issue = {3 \& 4}
}

@BOOK{Parker94,
  title = {Geophysical inverse theory},
  publisher = {Princeton University Press},
  year = {1994},
  author = {R L Parker},
  address = {Princeton, NJ}
}

@ARTICLE{Pawlowski94,
  author = {R S Pawlowski},
  title = {Green's equivalent-layer concept in band-pass filter design},
  journal = {Geophysics},
  year = {1994},
  volume = {59},
  pages = {69--76}
}

@ARTICLE{Peano90,
  author = {G Peano},
  title = {Sur une courbe, qui remplit toute une aire plane},
  journal = {Mathematische Annalen},
  year = {1890},
  volume = {36},
  pages = {157--160}
}

@ARTICLE{Pilkington90,
  author = {M Pilkington},
  title = {3D magnetic data-space inversion with sparseness constraints},
  journal = {Geophysics},
  year = {2009},
  volume = {74},
  pages = {L7--L15},
  number = {1}
}

@ARTICLE{Pilkington97,
  author = {M Pilkington},
  title = {3-\uppercase{D} magnetic imaging using conjugate gradients},
  journal = {Geophysics},
  year = {1997},
  volume = {62},
  pages = {1132--1142}
}

@ARTICLE{PortniaguineZhdanov02,
  author = {O Portniaguine and M S Zhdanov},
  title = {3-D magnetic inversion with data compression and image focusing},
  journal = {Geophysics},
  year = {2002},
  volume = {67},
  pages = {1532--1541}
}

@ARTICLE{Priedhorsky03,
  author = {W C Priedhorsky and K N Borozdin and G E Hogan and C Morris and A
	Saunders and L J Schultz and M E Teasdale},
  title = {Detection of high-z objects using multiple scattering of cosmic ray
	muons},
  journal = {Review of science instruments},
  year = {2003},
  volume = {74},
  pages = {4294--4298},
  issue = {10}
}

@ARTICLE{Redford06,
  author = {S Redford},
  title = {Gradient enhancement of the total magnetic field},
  journal = {The Leading Edge},
  year = {2006},
  volume = {25},
  pages = {59--66},
  issue = {1}
}

@ARTICLE{Reid80,
  author = {A B Reid},
  title = {Aeromagnetic survey design},
  journal = {Geophysics},
  year = {1980},
  volume = {45},
  pages = {973--976}
}

@BOOK{Reynolds97,
  title = {An introduction to applied and environmental geophysics},
  publisher = {John Wiley \& Sons Ltd},
  year = {1997},
  author = {J M Reynolds},
  address = {Chichester, England}
}

@PHDTHESIS{Ridsdill-Smith00,
  author = {T A Ridsdill-Smith},
  title = {The application of the wavelet transform to the processing of aeromagnetic
	data},
  school = {University of Western Australia},
  year = {2000}
}

@ARTICLE{Roest92,
  author = {W R Roest and J Verhoef and M Pilkington},
  title = {Magnetic interpretation using the 3-{D} analytic signal},
  journal = {Geophysics},
  year = {1992},
  volume = {57},
  pages = {116--125}
}

@ARTICLE{SalmonWarren94,
  author = {J K Salmon and M S Warren and G S Winckelmans},
  title = {Fast parallel tree codes for gravitational and fluid dynamical N-body
	problems},
  journal = {Intl. J. for Supercomputer Applications},
  year = {1994},
  volume = {8},
  pages = {129--142},
  issue = {2}
}

@TECHREPORT{Saunders95,
  author = {M Saunders},
  title = {Cholesky-based methods for sparse least squares: \uppercase{T}he
	benefits of regularization},
  institution = {Stanford University},
  year = {1995},
  number = {\uppercase{SOL} 95--1},
  address = {Standford, CA}
}

@ARTICLE{Schultz04,
  author = {L J Schultz and K N Borozdin and J J Gomez and G E Hogan and J A
	McGill and C L Morris and W C Priedhorsky and A Suanders and M E
	Teasdale},
  title = {Image reconstruction and material z discrimination via cosmic ray
	muon radiography},
  journal = {Nuclear instruments and methods in physics research. Section A, accelerators,
	spectrometers, detectors and associated equipment},
  year = {2004},
  volume = {519},
  pages = {687--694},
  issue = {3}
}

@ARTICLE{Sharma66,
  author = {P V Sharma},
  title = {Rapid computation of magnetic anomalies and demagnetization effects
	caused by bodies of arbitrary shape},
  journal = {Pure Appl. Geophys.},
  year = {1966},
  volume = {64},
  pages = {89-109},
  owner = {kdavis},
  timestamp = {2011.11.16}
}

@MASTERSTHESIS{Shearer05,
  author = {S Shearer},
  title = {Three-dimensional inversion of magnetic data in the presence of remanent
	magnetization},
  school = {Colorado School of Mines},
  year = {2005},
  address = {Golden, Colorado}
}

@ARTICLE{Silva86,
  author = {J B C Silva},
  title = {Reduction to pole as an inverse problem and its application to low-latitude
	anomalies},
  journal = {Geophysics},
  year = {1986},
  volume = {51},
  pages = {369--382}
}

@ARTICLE{Skeels47,
  author = {D C Skeels},
  title = {Ambiguity in gravity interpretation},
  journal = {Geophysics},
  year = {1947},
  volume = {12},
  pages = {43--56}
}

@ARTICLE{SmithWessel90,
  author = {W H F Smith and P Wessel},
  title = {Gridding with continuous curvature splines in tension},
  journal = {Geophysics},
  year = {1990},
  volume = {55},
  pages = {293--305},
  owner = {kdavis}
}

@TECHREPORT{OGS04,
  author = {Ontario~Geologic~Survey},
  title = {{Ontario airborne geophysical surveys, magnetic data, Central Abitibi
	Destor - Porcupine – Pipestone Faults Area}},
  institution = {Ontario Geological Survey},
  year = {2004},
  note = {Geophysical Data Set 1049}
}

@ARTICLE{Swain76,
  author = {C J Swain},
  title = {A \uppercase{FORTRAN IV} program for interpolating irregularly spaced
	data using the difference equations for minimum curvature},
  journal = {Computers \& Geosciences},
  year = {1976},
  volume = {1},
  pages = {231--240}
}

@ARTICLE{Talwani60,
  author = {M Talwani and M Ewing},
  title = {Rapid computation of gravitational attraction of three-dimensional
	bodies of arbitrary shape},
  journal = {Geophysics},
  year = {1960},
  volume = {25},
  pages = {203--225}
}

@ARTICLE{Tanakaetal10,
  author = {H K M Tanaka and H Taira and T Uchida and M Tanaka and M Takeo and
	T Ohminato and Y Aoki and R Nishitama and D Shoji and H Tsuiji},
  title = {Three-dimensional computational axial tomography scan of a volcano
	with cosmic ray muon radiography},
  journal = {Journal of Geophysical Research},
  year = {2010},
  volume = {115},
  pages = {B12332}
}

@TECHREPORT{TaswellMcGill91,
  author = {C Taswell and K.~C. McGill},
  title = {Wavelet transform algorithms for finite-duration discrete-time signals},
  institution = {Numerical Analysis Project Manuscript NA-91-07, Department of Computer
	Sciences, Stanford University},
  year = {1991}
}

@ARTICLE{Thompson82,
  author = {D T Thompson},
  title = {\uppercase{EULDPH}: A new technique for making computer-assisted
	depth estimates from magnetic data},
  journal = {Geophysics},
  year = {1982},
  volume = {47},
  pages = {31--37}
}

@BOOK{TikhonovArsenin77,
  title = {Solution of {I}ll-posed {P}roblems},
  publisher = {Winston Press},
  year = {1977},
  author = {A N Tikhonov and V Y Arsenin},
  address = {Washington, D.C.}
}

@ARTICLE{TryggvasonLinde06,
  author = {A Tryggvason and N Linde},
  title = {Local earthquake (LE) tomography with joint inversion for P- and
	S-wave velocities using structural constraints},
  journal = {Geophysical Research Letters},
  year = {2006},
  volume = {33},
  pages = {L07303}
}

@BOOK{Vacquier51,
  title = {Interpretation of aeromagnetic maps},
  publisher = {Geological Society of America Memoir 47},
  year = {1951},
  author = {V. Vacquier and N C Steenland and R G Henderson and Isidore Zietz}
}

@BOOK{Vogel02,
  title = {Computational Methods for Inverse Problems (Frontiers in Applied
	Mathematics)},
  publisher = {Society for Industrial Mathematics},
  year = {2002},
  author = {Vogel, Curtis R},
  url = {http://www.amazon.ca/exec/obidos/redirect?tag=citeulike09-20&path=ASIN/0898715504}
}

@INPROCEEDINGS{Wahba90,
  author = {G Wahba},
  title = {Spline models for observational data},
  booktitle = {{CBMS-NSF}, regional {C}onference {S}eries in {A}pplied mathematics},
  year = {1990},
  volume = {59},
  pages = {211--224},
  publisher = {\uppercase{SIAM, P}hiladelphia, \uppercase{PA}}
}

@ARTICLE{Wang09,
  author = {G Wang and L J Schultz and J Qi},
  title = {Bayesian image reconstruction for improving detection performance
	of muon tomography},
  journal = {IEEE transactions on image processing},
  year = {2009},
  volume = {18},
  pages = {1080--1089},
  issue = {5}
}

@MISC{Webring81,
  author = {M Webring},
  title = {{MINC: A gridding program based on minimum curvature}},
  howpublished = {{U.S. Geological Survey Open File report 81-1224}},
  year = {1981},
  owner = {kdavis},
  pages = {81--1224}
}

@PHDTHESIS{Williams08,
  author = {N Williams},
  title = {Geologically constrained inversion},
  school = {University of British Columbia},
  year = {2008},
  address = {Vancouver, British Columbia}
}

@ARTICLE{Wright01,
  author = {S J Wright},
  title = {On the convergence of the Newton/log-barrier method},
  journal = {Mathematical Programming},
  year = {2001},
  volume = {90},
  pages = {71--100}
}

@BOOK{Wright97,
  title = {Primal-Dual Interior-Point Methods},
  publisher = {SIAM},
  year = {1997},
  author = {S J Wright},
  address = {Philadelphia, PA}
}

@INCOLLECTION{Yunsheng85,
  author = {Sun Yunsheng and D.~W. Strangway and W.~E.~S. Urquhart},
  title = {Geological interpretation of a high-resolution aeromagnetic survey
	in the \uppercase{A}mos-\uppercase{B}arraute area of \uppercase{Q}uebec},
  booktitle = {The Utility of Regional Gravity and Magnetic Anomaly Maps},
  publisher = {Soc. \uppercase{E}xplor. \uppercase{G}eophys.},
  year = {1985},
  editor = {W.~J. Hinze},
  pages = {413--423},
  owner = {kdavis}
}

@BOOK{Sagan94,
  title = {Space-filling curves},
  publisher = {Springer-Verlag},
  year = {1994},
  editor = {H. Sagan},
  owner = {kdavis}
}

